@INPROCEEDINGS{Kiczales01anoverview,
	author = {Gregor Kiczales and Erik Hilsdale and Jim Hugunin and Mik Kersten and Jeffrey Palm and William G. Griswold},
	title = {An Overview of AspectJ},
	booktitle = {},
	year = {2001},
	pages = {327--353},
	publisher = {Springer-Verlag}
}

@INPROCEEDINGS{Kiczales97aspect-orientedprogramming,
	author = {Gregor Kiczales and John Lamping and Anurag Mendhekar and Chris Maeda and Cristina Lopes and Jean-marc Loingtier and John Irwin},
	title = {Aspect-oriented programming},
	booktitle = {ECOOP},
	year = {1997},
	publisher = {SpringerVerlag}
}

@MISC{andyclement,
	author={Andy Clement},
	howpublished= "\url{http://andrewclement.blogspot.com}",
	title={AspectJ and Eclipse Programming: AspectJ: Choosing ajc}
}

@MISC{ajcsite,
	author={Eclipse Foundation},
	howpublished= "\url{http://www.eclipse.org/aspectj/doc/released/devguide/ajc-ref.html}",
	title={ajc, the AspectJ compiler/weaver}
}

@MISC{AspectJ,
	author={Eclipse Foundation},
	howpublished={http://www.eclipse.org/aspectj/},
	title={The AspectJ Project}
}

@book{Kiselev2002,
 author = {Kiselev, Ivan},
 title = {Aspect-Oriented Programming with AspectJ},
 year = {2002},
 isbn = {0672324105},
 publisher = {Sams},
 address = {Indianapolis, IN, USA},
} 
